<?xml version="1.0" encoding="UTF-8"?>
<collection xmlns:xsi="http://www.w3.org/2001/XMLSchema-instance" xsi:schemaLocation="http://www.loc.gov/MARC21/slim http://www.loc.gov/standards/marcxml/schema/MARC21slim.xsd" xmlns="http://www.loc.gov/MARC21/slim">
<record>
  <leader>00819nam a22001931  4500</leader>
  <controlfield tag="001">2544308</controlfield>
  <controlfield tag="003">NNC</controlfield>
  <controlfield tag="005">20030429131150.0</controlfield>
  <controlfield tag="008">000426s1966    iq            000 0 ara d</controlfield>
  <datafield tag="035" ind1=" " ind2=" ">
    <subfield code="a">(OCoLC)ocm43933688</subfield>
  </datafield>
  <datafield tag="035" ind1=" " ind2=" ">
    <subfield code="9">AQM6313CU</subfield>
  </datafield>
  <datafield tag="040" ind1=" " ind2=" ">
    <subfield code="a">ZCU</subfield>
    <subfield code="c">ZCU</subfield>
  </datafield>
  <datafield tag="090" ind1=" " ind2=" ">
    <subfield code="a">LB1629.5</subfield>
    <subfield code="b">.I7</subfield>
  </datafield>
  <datafield tag="100" ind1="1" ind2=" ">
    <subfield code="a">Ghannām, Muḥammad Ahmad.</subfield>
  </datafield>
  <datafield tag="245" ind1="1" ind2="0">
    <subfield code="a">Mustaqbal al-taʹlīm al-thānawi fī al-ʹIrāq wa-hājātuhū ilā al-mudarrisīn (1965/1966-1974/1975),</subfield>
    <subfield code="c">iʹdād Muḥammad Aḥmad al-Ghannām [wa] Muḥammad Sayf-al-Dīn Fahmī.</subfield>
  </datafield>
  <datafield tag="260" ind1=" " ind2=" ">
    <subfield code="a">Baghdād,</subfield>
    <subfield code="b">Maṭba ʹat al-Ḥukūmah,</subfield>
    <subfield code="c">1966.</subfield>
  </datafield>
  <datafield tag="300" ind1=" " ind2=" ">
    <subfield code="a">145 p.</subfield>
    <subfield code="b">tables (part fold.)</subfield>
  </datafield>
  <datafield tag="500" ind1=" " ind2=" ">
    <subfield code="a">At head of title: Jāmiʹat Baghdād. al-Dā Sirah al-ʹIlmīyah lil-Tarbiyah wa-ʹIlm al-Nafs. Dirāsāt fī al-Takḥtīṭ al-Tarbawī.</subfield>
  </datafield>
  <datafield tag="955" ind1=" " ind2=" ">
    <subfield code="b">CU53518675</subfield>
    <subfield code="d">off,glx</subfield>
    <subfield code="e">LB1629.5 .I7</subfield>
  </datafield>
</record>
</collection>